@article{JamesLP09,
title=          "Posterior analysis for normalized random measures with independent increments",
author=         "L.F. James and A. Lijoi and I. Pruenster",
journal=	"Scand. J. Stat.",
optjournal=        "Scandinavian Journal of Statistics",
volume=         "36",
number=         "",
pages=          "76-97",
year=           "2009"
}

@article{Kingman:PJM67,
title=          "Completely random measures",
author=         "J.F.C.~Kingman",
journal=        "Pacific Journal of Mathematics",
volume=         "21",
number=         "1",
pages=          "59-78",
year=           "1967"
}

@book{kingman93,
  address = {New York},
  author = {J. F. C. Kingman},
  interhash = {f0d7a7c100d52925d923a2d8ec69ecc0},
  intrahash = {e144a0597d7d452ee054257afc5b8796},
  note = {Oxford Science Publications},
  pages = {viii+104},
  publisher = {The Clarendon Press Oxford University Press},
  series = {Oxford Studies in Probability},
  title = {Poisson processes},
  volume = 3,
  year = 1993,
  timestamp = {2009-12-02T23:15:21.000+0100},
  mrreviewer = {Dietrich Stoyan},
  mrnumber = {MR1207584 (94a:60052)},
  keywords = {Poisson_process point_processes reference},
  added-at = {2009-12-02T23:15:21.000+0100},
  description = {MR: Selected Matches for: Author=(Kingman) AND Title=(Poisson Processes)},
  isbn = {0-19-853693-3},
  mrclass = {60G05 (60G55 60K99)}
}

@article{WangDun2009,
   Author = {L. Wang and D.B. Dunson},
   Title = {Fast Bayesian inference in Dirichlet process mixture
             models},
   Journal = {Journal of Computational \& Graphical Statistics},
   Year = {2009},
   Key = {fds163957}
}

@inbook{Sato90,
	author = "Ken-ti Sato",
	title = "{L\'{e}vy Processes and Infinitely Divisible Distributions}",
	booktitle = "L\'{e}vy Processes and Infinitely Divisible Distributions",
    	address = "",
    	publisher = "Cambridge University Press",
	year = "1990"
}

@article{Ferguson73,
    author = "Thomas S Ferguson",
    title = "A {B}ayesian analysis of some nonparametric problems",
    journal = "The Annals of Statistics",
    year = "1973",
    volume = "1",
    number = "2",
    pages = "209--230"
}

@inproceedings{ThiJor2007,
author=         "R. Thibaux and M. I. Jordan",
title=          "Hierarchical Beta Processes and the {I}ndian Buffet Process",
booktitle=      "Proceedings of the International Workshop on 
                 Artificial Intelligence and Statistics",
volume=         "11",
year=           "2007"
}

@article{Hjo1990,
author=         "N. L. Hjort",
title=          "Nonparametric {B}ayes Estimators Based on Beta Processes
                 in Models for Life history Data",
journal=        "Annals of Statistics",
volume=         "18",
number=         "3",
pages=          "1259-1294",
year=           "1990"
}

@article{Nea2000,
author=		"R. M. Neal",
title=		"{M}arkov Chain Sampling Methods for {D}irichlet Process
		 Mixture Models",
journal=	"Journal of Computational and Graphical Statistics",
volume=		"9",
pages=		"249-265",
year=		"2000"
}

@article{IshJam2001,
original=	"papers/IshJam2001-StickBreakingPriors.djvu",
author=		"H. Ishwaran and L. F. James",
title=		"{G}ibbs Sampling Methods for Stick-Breaking Priors",
journal=	"Journal of the American Statistical Association",
volume=		"96",
number=		"453",
pages=		"161-173",
year=		"2001"
}

@article{BleJor2006,
author=         "D. M. Blei and M. I. Jordan",
title=          "Variational Inference for {D}irichlet Process Mixtures",
journal=        "Bayesian Analysis",
volume=         "1",
number=         "1",
pages=          "121-144",
year=           "2006"
}

@unpublished{MinGha2003,
author=         "T. P. Minka and Z. Ghahramani",
title=          "Expectation Propagation for Infinite Mixtures",
note=           "Presented at NIPS2003 Workshop on Nonparametric Bayesian 
                 Methods and Infinite Models",
year=           "2003"
}

@inproceedings{WooGolBla2006,
author=         "F. Wood and S. Goldwater and M. J. Black",
title=          "A non-parametric {B}ayesian approach to spike sorting",
booktitle=      "Proceedings of the IEEE Conference on Engineering in Medicine 
                 and Biologicial Systems",
volume=         "28",
year=           "2006"
}
@article{Lo1984,
original=	"papers/Lo1984-DPDensityEstimates.pdf",
author=		"A.Y. Lo",
title=		"On a Class of Bayesian Nonparametric Estimates: I. Density
		 Estimates",
journal=	"Annals of Statistics",
volume=		"12",
number=		"1",
pages=		"351-357",
year=		"1984"
}

@techreport{Pit2002a,
author=		"J. Pitman",
title=		"Combinatorial Stochastic Processes",
number=         "621",
institution=    "Department of Statistics, University of California at 
                Berkeley",
note=           "Lecture notes for St. Flour Summer School",
year=		"2002"
}

